<?xml version="1.0" encoding="UTF-8"?><collection xmlns="http://www.loc.gov/MARC21/slim"><record><leader>00494nam--2200181-i-4500</leader><controlfield tag="001">000030244</controlfield><controlfield tag="002">20161230</controlfield><controlfield tag="005">20161230201038</controlfield><controlfield tag="008">060222s1000------------r-----000-0-fre-d</controlfield><datafield ind1=" " ind2=" " tag="040"><subfield code="a">IFIN-HH</subfield></datafield><datafield ind1=" " ind2=" " tag="041"><subfield code="a">fre</subfield></datafield><datafield ind1=" " ind2=" " tag="080"><subfield code="a">621.385.833</subfield></datafield><datafield ind1="1" ind2=" " tag="100"><subfield code="a">Henry, Lucien</subfield></datafield><datafield ind1="1" ind2="0" tag="245"><subfield code="a">Filtrage magnetique des vitesses en microscopie electronique</subfield><subfield code="b">These</subfield><subfield code="c">Lucien henry</subfield></datafield><datafield ind1=" " ind2=" " tag="260"><subfield code="a">Paris</subfield><subfield code="b">Librairie Masson Et Cie</subfield><subfield code="c">1964</subfield></datafield><datafield ind1=" " ind2=" " tag="300"><subfield code="a">54P</subfield></datafield><datafield ind1=" " ind2=" " tag="852"><subfield code="a">25378</subfield><subfield code="c">537.533.35</subfield></datafield><datafield ind1=" " ind2=" " tag="CAT"><subfield code="a">Sys</subfield><subfield code="c">20110902</subfield><subfield code="h">141517</subfield></datafield></record></collection>